<record><leader>00000cas a2200000 a 4500</leader><controlfield tag="001">21744444</controlfield><controlfield tag="008">900608d192619uucoudn ne      0    0eng d</controlfield><datafield ind1=" " ind2=" " tag="010"><subfield code="a">sn 90051395 </subfield></datafield><datafield ind1=" " ind2=" " tag="040"><subfield code="a">CNQ</subfield><subfield code="b">eng</subfield><subfield code="c">CNQ</subfield><subfield code="d">OCLCQ</subfield></datafield><datafield ind1=" " ind2=" " tag="042"><subfield code="a">msc</subfield></datafield><datafield ind1="0" ind2=" " tag="130"><subfield code="a">Florence paradox (Florence, Colo. : Daily)</subfield></datafield><datafield ind1="1" ind2="4" tag="245"><subfield code="a">The Florence paradox.</subfield></datafield><datafield ind1=" " ind2=" " tag="260"><subfield code="a">Florence, Fremont County, Colo. :</subfield><subfield code="b">Duntsch &amp; Milota</subfield></datafield><datafield ind1=" " ind2=" " tag="300"><subfield code="a">v.</subfield></datafield><datafield ind1=" " ind2=" " tag="310"><subfield code="a">Daily (except Sun.)</subfield></datafield><datafield ind1="0" ind2=" " tag="362"><subfield code="a">Vol. 1, no. 1 (Oct. 18, 1926)-</subfield></datafield><datafield ind1=" " ind2=" " tag="530"><subfield code="a">Available on microfilm from the Colorado Historical Society.</subfield></datafield><datafield ind1=" " ind2=" " tag="580"><subfield code="a">Weekly ed.: Florence paradox, 1926-19uu.</subfield></datafield><datafield ind1=" " ind2=" " tag="752"><subfield code="a">United States</subfield><subfield code="b">Colorado</subfield><subfield code="c">Fremont</subfield><subfield code="d">Florence.</subfield></datafield><datafield ind1="1" ind2=" " tag="775"><subfield code="t">Florence paradox (Florence, Colo. : Weekly)</subfield><subfield code="w">(DLC)sn 90051394</subfield></datafield></record>